@Article{andrewsMakingNewsMovement2010,
  title = {Making the {News}: {Movement} {Organizations}, {Media} {Attention}, and the {Public} {Agenda}},
  volume = {75},
  issn = {0003-1224},
  doi = {10.1177/0003122410386689},
  number = {6},
  journal = {American Sociological Review},
  author = {K. T. Andrews and N. Caren},
  year = {2010},
  pages = {841--866},
}

@Article{beerEcquidNoviSearch2010,
  title = {Ecquid {Novi} – the search for a definition},
  volume = {25},
  issn = {0256-0054},
  doi = {10.1080/02560054.2004.9653294},
  number = {2},
  journal = {Ecquid Novi: African Journalism Studies},
  author = {Arnold S. {de Beer}},
  year = {2010},
  pages = {186--209},
}

@Article{bennettindexing1990,
  title = {Toward a {Theory} of {Press}-{State} {Relations} in the {United} {States}},
  volume = {40},
  issn = {0021-9916},
  doi = {10.1111/j.1460-2466.1990.tb02265.x},
  number = {2},
  journal = {Journal of Communication},
  author = {Walter Lance Bennett},
  year = {1990},
  pages = {103--127},
}

@Article{bennettNoneDareCall2006,
  title = {None {Dare} {Call} {It} {Torture}: {Indexing} and the {Limits} of {Press} {Independence} in the {Abu} {Ghraib} {Scandal}},
  volume = {56},
  issn = {0021-9916},
  doi = {10.1111/j.1460-2466.2006.00296.x},
  number = {3},
  journal = {Journal of Communication},
  author = {Walter Lance Bennett and Regina G. Lawrence and Steven Livingston},
  year = {2006},
  pages = {467--485},
}

@Article{borbathDifferentWorldsContention2020,
  title = {Different Worlds of Contention? {{Protest}} in {{Northwestern}}, {{Southern}} and {{Eastern Europe}}},
  shorttitle = {Different Worlds of Contention?},
  author = {Endre Borbáth and Theresa Gessler},
  year = {2020},
  month = {feb},
  pages = {1475-6765.12379},
  issn = {0304-4130, 1475-6765},
  doi = {10.1111/1475-6765.12379},
  journal = {European Journal of Political Research},
  language = {en},
}

@Article{boyleAdherenceProtestParadigm2012,
  title = {Adherence to the {Protest} {Paradigm}: {The} {Influence} of {Protest} {Goals} and {Tactics} on {News} {Coverage} in {U}.{S}. and {International} {Newspapers}},
  volume = {17},
  issn = {1940-1612},
  doi = {10.1177/1940161211433837},
  number = {2},
  journal = {The International Journal of Press/Politics},
  author = {Michael P. Boyle and Douglas M. McLeod and C. L. Armstrong},
  year = {2012},
  pages = {127--144},
}

@Article{boyleInfluenceLevelDeviance2004,
  title = {The {Influence} of {Level} of {Deviance} and {Protest} {Type} on {Coverage} of {Social} {Protest} in {Wisconsin} from 1960 to 1999},
  volume = {7},
  issn = {1520-5436},
  doi = {10.1207/s15327825mcs0701‗ 4},
  number = {1},
  journal = {Mass Communication and Society},
  author = {Michael P. Boyle and Michael R. McCluskey and Narayan Devanathan and Susan E. Stein and Douglas McLeod},
  year = {2004},
  pages = {43--60},
}

@Article{boyleMeasuringLevelDeviance2009,
  title = {Measuring {Level} of {Deviance}: {Considering} the {Distinct} {Influence} of {Goals} and {Tactics} on {News} {Treatment} of {Abortion} {Protests}},
  volume = {17},
  issn = {1545-6870},
  doi = {10.1080/15456870903156134},
  number = {4},
  journal = {Atlantic Journal of Communication},
  author = {Michael P. Boyle and Cory L. Armstrong},
  year = {2009},
  pages = {166--183},
}

@Article{boyleNewspapersProtestExamination2005,
  title = {Newspapers and {Protest}: {An} {Examination} of {Protest} {Coverage} from 1960 to 1999},
  volume = {82},
  issn = {1077-6990},
  doi = {10.1177/107769900508200310},
  number = {3},
  journal = {Journalism \& Mass Communication Quarterly},
  author = {Michael P. Boyle and M. R. McCluskey and Douglas M. McLeod and S. E. Stein},
  year = {2005},
  pages = {638--653},
}

@InCollection{chanJournalisticParadigmsCivil1984,
  series = {A {Westview} special study},
  title = {Journalistic `{Paradigms}' of {Civil} {Protests}: {A} {Case} {Study} of {Hong} {Kong}},
  isbn = {0-86531-776-3},
  booktitle = {The news media in national and international conflict},
  publisher = {Westview Press},
  author = {Joseph Man Chan and Chi-Chuan Lee},
  editor = {Andrew Arno},
  year = {1984},
  pages = {183--202},
}

@Article{chyiMediaSalienceProcess2004,
  title = {Media {{Salience}} and the {{Process}} of {{Framing}}: {{Coverage}} of the {{Columbine School Shootings}}},
  shorttitle = {Media {{Salience}} and the {{Process}} of {{Framing}}},
  author = {Hsiang Iris Chyi and Maxwell McCombs},
  year = {2004},
  month = {mar},
  volume = {81},
  pages = {22--35},
  issn = {1077-6990, 2161-430X},
  doi = {10.1177/107769900408100103},
  journal = {Journalism \& Mass Communication Quarterly},
  language = {en},
  number = {1},
}

@Book{curranPowerResponsibilityPress2007,
  title = {Power without responsibility: {The} press, broadcasting, and new media in {Britain}},
  isbn = {0-415-24390-4},
  publisher = {Routledge},
  author = {James Curran and Jean Seaton},
  year = {2007},
  keywords = {BBC, England, Pressehistorie},
}

@Article{downsAttentionCycle1972,
  title = {Up and Down With Ecology: {T}he Issue Attention Cycle},
  author = {Anthony Downs},
  journal = {The Public Interest},
  number = {28},
  pages = {38--51},
  year = {1972},
}

@Book{gavinPressTelevisionBritish2007,
  title = {Press and television in {British} politics: {Media}, money and mediated democracy},
  isbn = {1-349-51010-6},
  publisher = {Palgrave Macmillan},
  author = {Neil T. Gavin},
  year = {2007},
  keywords = {Press and politics, SOCIAL SCIENCE, Television and politics},
}

@Book{gitlinWholeWorldWatching1980,
  title = {The whole world is watching: {Mass} media in the making \& unmaking of the {New} {Left}},
  isbn = {978-0-520-04024-3},
  publisher = {University of California Press},
  author = {Todd Gitlin},
  year = {1980},
  keywords = {Massenmedien, Mass media, Médias, Politics and government, College students, Derecha e izquierda (Política), Estudiantes universitarios, Étudiants, Gauche (science politique), Massacommunicatie, Médias et politique, Mouvements étudiants, Neue Linke, New Left, Protestbewegung},
}

@Article{gottliebProtestNewsFraming2015,
  title = {Protest news framing cycle: {How} the {New} {York} times covered occupy wall street},
  volume = {9},
  issn = {1932-8036},
  number = {1},
  journal = {International Journal of Communication},
  author = {Julian Gottlieb},
  year = {2015},
  keywords = {framing, Occupy Wall Street, Social movements, News attention, The New York Times},
  pages = {231--253},
}

@Book{hallinComparingMediaSystems2004,
  series = {Communication, society, and politics},
  title = {Comparing media systems: {Three} models of media and politics},
  isbn = {978-0-511-21075-4},
  publisher = {Cambridge University Press},
  author = {Daniel C. Hallin and Paolo Mancini},
  year = {2004},
}

@Book{hallinDquncensoredWarDq1986,
  title = {The {\textbackslash}dquncensored war{\textbackslash}dq: {The} media and {Vietnam}},
  isbn = {978-0-19-503814-9},
  publisher = {Oxford University Press},
  author = {Daniel C. Hallin},
  year = {1986},
}

@Book{hallinUncensoredWarMedia1986,
  title = {The "Uncensored War": The Media and {{Vietnam}}},
  shorttitle = {The "Uncensored War},
  author = {Daniel C. Hallin},
  year = {1986},
  publisher = {{Oxford University Press}},
  isbn = {978-0-19-503814-9},
  keywords = {History,Press,Press coverage,United States,Vietnam War; 1961-1975},
  lccn = {DS559.46 .H35 1986},
}

@Book{hallPolicingCrisisMugging1978,
  title = {Policing the crisis: {Mugging}, the state, and law and order},
  isbn = {978-1-137-00719-3},
  publisher = {Palgrave Macmillan},
  author = {Stuart Hall and Chas Critcher and Tony Jefferson and John Clarke and Brian Roberts},
  year = {1978},
  keywords = {1970-talet, Mugging, R{\textbackslash}aan, Social conditions, Storbritannien},
}

@Article{harlowWholeWorldWatching2020,
  title = {Is the {{Whole World Watching}}? {{Building}} a {{Typology}} of {{Protest Coverage}} on {{Social Media From Around}} the {{World}}},
  shorttitle = {Is the {{Whole World Watching}}?},
  author = {Summer Harlow and Danielle K. Kilgo and Ramón Salaverría and V\'ictor Garc\'ia-Perdomo},
  year = {2020},
  month = {aug},
  volume = {21},
  pages = {1590--1608},
  issn = {1461-670X, 1469-9699},
  doi = {10.1080/1461670X.2020.1776144},
  journal = {Journalism Studies},
  language = {en},
  number = {11},
}

@Article{kilgoHierarchy2019,
  title = {Protests, {Media} {Coverage}, and a {Hierarchy} of {Social} {Struggle}},
  volume = {24},
  issn = {1940-1612, 1940-1620},
  url = {http://journals.sagepub.com/doi/10.1177/1940161219853517},
  doi = {10.1177/1940161219853517},
  language = {en},
  number = {4},
  urldate = {2020-06-01},
  journal = {The International Journal of Press/Politics},
  author = {Danielle K. Kilgo and Summer Harlow},
  month = {oct},
  year = {2019},
  pages = {508--530},
}

@Book{kuhnPoliticsMediaBritain2007,
  series = {Contemporary political studies},
  title = {Politics and the media in {Britain}},
  isbn = {978-0-333-92690-1},
  publisher = {Palgrave Macmillan},
  author = {Raymond Kuhn},
  year = {2007},
}

@Article{leeTriggeringProtestParadigm2014,
  title = {Triggering the protest paradigm: {Examining} factors affecting news coverage of protests},
  volume = {8},
  issn = {1932-8036},
  number = {1},
  journal = {International Journal of Communication},
  author = {Francis L. F. Lee},
  year = {2014},
  pages = {2725--2746},
}

@InCollection{mcleodSocialControlSocial1999,
  title = {Social control, social change and the mass media's role in the regulation of protest groups.},
  isbn = {0-8138-2682-9},
  booktitle = {Mass media, social control, and social change},
  publisher = {Iowa State Univ. Pr},
  author = {Douglas M. McLeod and J. K. Hertog},
  editor = {David Demers and K. Viswanath},
  year = {1999},
  pages = {305--330},
}

@Misc{mediareformreport2021,
  author = {{Media Reform Coalition}},
  title = {Report: {Who} {Owns} the {UK} {Media}?},
  url = {https://www.mediareform.org.uk/wp-content/uploads/2021/03/Who-Owns-the-UK-Media_final2.pdf},
  urldate = {2021-05-08},
  journal = {Media Reform Coalition},
  month = {mar},
  year = {2021},
}

@Article{ozMainstreamMediasCoverage2016,
  title = {Mainstream medias coverage of the {Gezi} protests and protesters perception of mainstream media},
  volume = {12},
  issn = {1742-7665},
  doi = {10.1177/1742766516653164},
  number = {2},
  journal = {Global Media and Communication},
  author = {M. Oz},
  year = {2016},
  pages = {177--192},
}

@Article{rosieAnarchistsWorldCup2009,
  title = {`{The} {Anarchists}' {World} {Cup}': {Respectable} {Protest} and {Media} {Panics}},
  volume = {8},
  issn = {1474-2837},
  doi = {10.1080/14742830802591135},
  number = {1},
  journal = {Social Movement Studies},
  author = {Michael Rosie and Hugo Gorringe},
  year = {2009},
  pages = {35--53},
}

@Article{shahinProtestingParadigmComparative2016,
  title = {Protesting the {Paradigm}: {A} {Comparative} {Study} of {News} {Coverage} of {Protests} in {Brazil}, {China}, and {India}},
  volume = {21},
  issn = {1940-1612},
  doi = {10.1177/1940161216631114},
  number = {2},
  journal = {The International Journal of Press/Politics},
  author = {S. Shahin and P. Zheng and H. A. Sturm and D. Fadnis},
  year = {2016},
  pages = {143--164},
}

@Book{shoemakerMediatingMessage21st2014,
  title = {Mediating the message in the 21st century: {A} media {Sociology} perspective},
  isbn = {978-0-415-98914-5},
  publisher = {Routledge/Taylor \& Francis Group},
  author = {Pamela J. Shoemaker and Stephen D. Reese},
  year = {2014},
}

@Article{shoemakerMediaTreatmentDeviant1984,
  title = {Media {Treatment} of {Deviant} {Political} {Groups}},
  volume = {61},
  issn = {1077-6990},
  doi = {10.1177/107769908406100109},
  number = {1},
  journal = {Journalism \& Mass Communication Quarterly},
  author = {P. J. Shoemaker},
  year = {1984},
  pages = {66--82},
}

@Article{shultzinerjournalistsprotest2018,
  title = {A {Journalists}’ {Protest}? {Personal} {Identification} and {Journalistic} {Activism} in the {Israel} {Social} {Justice} {Protest} {Movement}},
  volume = {23},
  issn = {1940-1612, 1940-1620},
  shorttitle = {A {Journalists}’ {Protest}?},
  url = {http://journals.sagepub.com/doi/10.1177/1940161217736889},
  doi = {10.1177/1940161217736889},
  language = {en},
  number = {1},
  urldate = {2021-05-11},
  journal = {The International Journal of Press/Politics},
  author = {Doron Shultziner and Aya Shoshan},
  month = {jan},
  year = {2018},
  pages = {44--69},
}

@Article{tenenboimweinblattProducingProtestNews2014,
  title = {Producing {Protest} {News}: {An} {Inquiry} into {Journalists}' {Narratives}},
  volume = {19},
  issn = {1940-1612},
  doi = {10.1177/1940161214540941},
  number = {4},
  journal = {The International Journal of Press/Politics},
  author = {K. Tenenboim-Weinblatt},
  year = {2014},
  pages = {410--429},
}

@Article{WasowSeeding2020,
  author = {Omar Wasow},
  year = {2020},
  title = {Agenda Seeding: How 1960s Black Protests Moved Elites, Public Opinion and Voting},
  pages = {638--659},
  volume = {114},
  number = {3},
  issn = {0003-0554},
  journal = {American Political Science Review},
  doi = {10.1017/S000305542000009X},
}

@Article{weaverRevisitingProtestParadigm2012,
  title = {Revisiting the {Protest} {Paradigm}: {The} {Tea} {Party} as {Filtered} through {Prime}-{Time} {Cable} {News}},
  volume = {18},
  issn = {1940-1612},
  doi = {10.1177/1940161212462872},
  number = {1},
  journal = {The International Journal of Press/Politics},
  author = {David A. Weaver and Joshua M. Scacco},
  year = {2012},
  pages = {61--84},
}

@Book{wolfsfeldMediaPoliticalConflict1997,
  title = {Media and political conflict: {News} from the {Middle} {East}},
  isbn = {978-0-521-58967-3},
  publisher = {Cambridge University Press},
  author = {Gadi Wolfsfeld},
  year = {1997},
  keywords = {Press and politics, Medien, Massenmedien, Massamedia, Internationaler Konflikt, Mass media, Médias, Moyen-Orient dans la presse, Oorlogen, Politieke conflicten, Politischer Konflikt, Presse et politique},
}
